<mx:record xmlns="http://www.w3.org/TR/xhtml1/strict" xmlns:mx="http://www.loc.gov/MARC21/slim" xmlns:xsi="http://www.w3.org/2001/XMLSchema-instance"><mx:leader>00000cz  a2200000n  45 0</mx:leader><mx:controlfield tag="001">oca06671937 </mx:controlfield><mx:controlfield tag="005">20050701144627.0</mx:controlfield><mx:controlfield tag="008">050701n| acannaabn          |n aaa      </mx:controlfield><mx:datafield ind1=" " ind2=" " tag="010"><mx:subfield code="a">n 2005048679</mx:subfield></mx:datafield><mx:datafield ind1=" " ind2=" " tag="040"><mx:subfield code="a">DLC</mx:subfield><mx:subfield code="b">eng</mx:subfield><mx:subfield code="c">DLC</mx:subfield></mx:datafield><mx:datafield ind1="0" ind2=" " tag="100"><mx:subfield code="a">Machon.</mx:subfield></mx:datafield><mx:datafield ind1=" " ind2=" " tag="670"><mx:subfield code="a">Machon. The fragments, 2004:</mx:subfield><mx:subfield code="b">t.p. (Machon)</mx:subfield></mx:datafield><mx:datafield ind1=" " ind2=" " tag="670"><mx:subfield code="a">LC classification, PA, 1964</mx:subfield><mx:subfield code="b">(Machon, writer of comedies, 3rd century B.C.)</mx:subfield></mx:datafield><mx:datafield ind1=" " ind2=" " tag="670"><mx:subfield code="a">Oxford classical dictionary, 1949</mx:subfield><mx:subfield code="b">(Machon, b. Corinth or Sicyon, resident of Alexandria, staged comedies)</mx:subfield></mx:datafield><mx:datafield ind1=" " ind2=" " tag="999"><mx:subfield code="a">310</mx:subfield></mx:datafield></mx:record>